@book{adkins2020building,
  title={Building Secure and Reliable Systems: Best Practices for Designing, Implementing, and Maintaining Systems},
  author={Adkins, H. and Beyer, B. and Blankinship, P. and Oprea, A. and Lewandowski, P. and Stubblefield, A.},
  isbn={9781492083122},
  url={https://books.google.de/books?id=Kn7UxwEACAAJ},
  year={2020},
  publisher={O'Reilly Media, Incorporated}
}

@online{website:kubernetes:homepage,
	usera = {Kubernetes},
	title = {{Production-Grade Container Orchestration - Kubernetes}},
	author = {{The Kubernetes Authors}},
	url = {https://kubernetes.io/},
	year = {2020},
	urltime = {12:40},
	urldate = {2020-06-10}
}

@online{cncf-survey-2019,
	usera = {CNCF Survey 2019},
	title = {{Deployments are getting larger as cloud native adoption becomes mainstream}},
	author = {{The Cloud Native Computing Foundation}},
	url = {https://www.cncf.io/wp-content/uploads/2020/03/CNCF_Survey_Report.pdf},
	year = {2020},
	month = {3},
	urltime = {13:27},
	urldate = {2020-06-10}
}

@online{slash-data-survey-2019,
	usera = {State of Cloud Native Development Q2 2019},
	title = {{The latest trends from our Q2 2019 survey of 6752 devlopers}},
	author = {{SlashData Ltd.}},
	url = {https://www.cncf.io/wp-content/uploads/2020/05/f_CNCF_FINAL.pdf},
	year = {2020},
	month = {5},
	urltime = {13:30},
	urldate = {2020-06-10}
}

@online{pci-dss,
	title = {{Document Library}},
	author = {{Payment Card Industry Security Standards Council, LLC.}},
	url = {https://www.pcisecuritystandards.org/document_library},
	year = {2018},
	month = {5},
	urldate = {2020-06-21},
	urltime = {22:25},
}

@online{cis-benchmarks,
  title = {{CIS Benchmarks}},
	author = {{Center for Internet Security, Inc.}},
  url = {https://www.cisecurity.org/cis-benchmarks/},
	urldate = {2020-06-21},
	urltime = {22:34},
}

@unpublished{sicherheit-docker-wiegratz,
	author = {Jasper Wiegratz},
	title  = {Sicherheitsgrundlagen von Docker-Images im Kontext der Softwareentwicklung mit DevOps am Beispiel eines Continuous Integration und Delivery Prozesses},
	year   = {2018},
}

@online{hipaa,
  title = {{Health Insurance Portability and Accountability Act of 1996}},
	author = {{Centers for Disease Control and Prevention (CDC)}},
	url = {https://www.cdc.gov/phlp/publications/topic/hipaa.html},
	urldate = {2020-06-21},
	urltime = {23:08},
}

@online{dsgvo,
  title = {{Datenschutz-Grundverordnung}},
	author = {{Europ√§isches Parlament und Rat}},
	date = {2016-04-27},
  url = {https://eur-lex.europa.eu/legal-content/DE/TXT/PDF/?uri=CELEX:32016R0679},
	urldate = {2020-06-21},
	urltime = {23:14},
}

@online{nist.SP-800-160v1,
	title = {{Systems Security Engineering: Considerations for a Multidisciplinary Approach in the Engineering of Trustworthy Secure Systems}},
	author = {Ross (NIST), Ron and McEvilley (MITRE), Michael and Oren (Legg Mason), Janet},
	year = 2016,
	month = 11,
	url = {https://csrc.nist.gov/publications/detail/sp/800-160/vol-1/final},
	urldate = {2020-07-02},
	urltime = {19:47},
}
